@article{SCR,
  author    = {Daniele Loiacono and
               Luigi Cardamone and
               Pier Luca Lanzi},
  title     = {Simulated Car Racing Championship: Competition Software Manual},
  journal   = {CoRR},
  volume    = {abs/1304.1672},
  year      = {2013},
  url       = {http://arxiv.org/abs/1304.1672},
  archivePrefix = {arXiv},
  eprint    = {1304.1672},
  timestamp = {Mon, 13 Aug 2018 16:49:16 +0200},
  biburl    = {https://dblp.org/rec/bib/journals/corr/abs-1304-1672},
  bibsource = {dblp computer science bibliography, https://dblp.org}
}

@article{DDPG,
  author    = {Timothy P. Lillicrap and
               Jonathan J. Hunt and
               Alexander Pritzel and
               Nicolas Heess and
               Tom Erez and
               Yuval Tassa and
               David Silver and
               Daan Wierstra},
  title     = {Continuous control with deep reinforcement learning},
  journal   = {CoRR},
  volume    = {abs/1509.02971},
  year      = {2015},
  url       = {http://arxiv.org/abs/1509.02971},
  archivePrefix = {arXiv},
  eprint    = {1509.02971},
  timestamp = {Mon, 13 Aug 2018 16:46:11 +0200},
  biburl    = {https://dblp.org/rec/bib/journals/corr/LillicrapHPHETS15},
  bibsource = {dblp computer science bibliography, https://dblp.org}
}
@book{MURPHY,
  added-at = {2017-02-27T11:22:42.000+0100},
  address = {Cambridge, Mass. [u.a.]},
  author = {Murphy, Kevin P.},
  biburl = {https://www.bibsonomy.org/bibtex/270148d65a6a66e0ae962bf22c5f66148/hotho},
  description = {Machine Learning: A Probabilistic Perspective (Adaptive Computation and Machine Learning series): Kevin P. Murphy: 9780262018029: Amazon.com: Books},
  interhash = {e99d8a06cc36507b05c38192ab80573e},
  intrahash = {70148d65a6a66e0ae962bf22c5f66148},
  isbn = {9780262018029 0262018020},
  keywords = {hmm lda learning machine statistics},
  publisher = {MIT Press},
  refid = {904442949},
  timestamp = {2017-02-27T11:22:42.000+0100},
  title = {Machine learning : a probabilistic perspective},
  url = {https://www.amazon.com/Machine-Learning-Probabilistic-Perspective-Computation/dp/0262018020/ref=sr_1_2?ie=UTF8&qid=1336857747&sr=8-2},
  year = 2013
}

@article{RLSURVEY,
  author    = {Leslie Pack Kaelbling and
               Michael L. Littman and
               Andrew W. Moore},
  title     = {Reinforcement Learning: {A} Survey},
  journal   = {CoRR},
  volume    = {cs.AI/9605103},
  year      = {1996},
  url       = {http://arxiv.org/abs/cs.AI/9605103},
  timestamp = {Mon, 13 Aug 2018 16:47:09 +0200},
  biburl    = {https://dblp.org/rec/bib/journals/corr/cs-AI-9605103},
  bibsource = {dblp computer science bibliography, https://dblp.org}
}
@book{SUTTONBARTO,
  added-at = {2018-09-18T19:21:39.000+0200},
  author = {Sutton, Richard S. and Barto, Andrew G.},
  biburl = {https://www.bibsonomy.org/bibtex/2f46601cf8b13d39d1378af0d79438b12/analyst},
  edition = {Second},
  interhash = {ac6b144aaec1819919a2fba9f705c852},
  intrahash = {f46601cf8b13d39d1378af0d79438b12},
  keywords = {2018 book reference reinforcement-learning},
  publisher = {The MIT Press},
  timestamp = {2018-09-18T19:22:02.000+0200},
  title = {Reinforcement Learning: An Introduction},
  url = {http://incompleteideas.net/book/the-book-2nd.html},
  year = {2018 }
}
@article{SAFEEXPLORATION,
  author    = {Gal Dalal and
               Krishnamurthy Dvijotham and
               Matej Vecerik and
               Todd Hester and
               Cosmin Paduraru and
               Yuval Tassa},
  title     = {Safe Exploration in Continuous Action Spaces},
  journal   = {CoRR},
  volume    = {abs/1801.08757},
  year      = {2018},
  url       = {http://arxiv.org/abs/1801.08757},
  archivePrefix = {arXiv},
  eprint    = {1801.08757},
  timestamp = {Mon, 13 Aug 2018 16:46:59 +0200},
  biburl    = {https://dblp.org/rec/bib/journals/corr/abs-1801-08757},
  bibsource = {dblp computer science bibliography, https://dblp.org}
}
@article{TROPSHA,
  author    = {Mariya Popova and
               Olexandr Isayev and
               Alexander Tropsha},
  title     = {Deep Reinforcement Learning for De-Novo Drug Design},
  journal   = {CoRR},
  volume    = {abs/1711.10907},
  year      = {2017},
  url       = {http://arxiv.org/abs/1711.10907},
  archivePrefix = {arXiv},
  eprint    = {1711.10907},
  timestamp = {Mon, 13 Aug 2018 16:48:31 +0200},
  biburl    = {https://dblp.org/rec/bib/journals/corr/abs-1711-10907},
  bibsource = {dblp computer science bibliography, https://dblp.org}
}
maintained by Schloss Dagstuhl LZI, founded at University of Trier  homebrowsesearchabout
